@misc{canakit,
	author = "CanaKit Corporation",
	title = "Raspberry Pi WiFi Adapter",
	howpublished = "\url{https://www.canakit.com/raspberry-pi-wifi.html}",
	note = "[Online; accessed November 30, 2019]"
}

@misc{brostrend,
	author = "Trend-tech Technology Co Ltd",
	title = "BrosTrend AC1200 Dual Band Long Range USB WiFi Adapter AC3",
	howpublished = "\url{https://www.trendtechcn.com/Product.aspx?ProductId=325}",
	note = "[Online; accessed November 30, 2019]"
}

@misc{archer,
	author = "TP-Link Technologies Co. Ltd.",
	title = "Archer T2UHP | AC600 High Power Wireless Dual Band USB Adapter",
	howpublished = "\url{https://www.tp-link.com/us/home-networking/usb-adapter/archer-t2uhp/}",
	note = "[Online; accessed November 30, 2019]"
}

@misc{protocol,
	author = "UMD ACM Club",
	title = "Control Software of Mobility Magellan Pro Robot",
	howpublished = "\url{https://github.com/umdacm/robot}",
	note = "[Online; accessed November 30, 2019]"
}

@misc{watchdog,
	author = "Chandler Swift",
	title = "Comparing master...add-watchdog",
	howpublished = "\url{https://github.com/umdacm/robot/compare/add-watchdog}",
	note = "[Online; accessed November 30, 2019]"
}

@misc{hallway-script,
	author = "Chandler Swift",
	title = "robot-urop/capture\_data.py at master",
	howpublished = "\url{https://github.com/ChandlerSwift/robot-urop/blob/master/hallway-packet-loss-test/capture\_data.py}",
	note = "[Online; accessed November 30, 2019]"
}
